@misc{anchorage2023,
  author = {Anchorage Digital},
  title  = {Security Architecture: How Anchorage Uses MPC to Secure Crypto Assets},
  year   = {2023},
  url    = {https://anchorage.com/blog/how-anchorage-uses-mpc}
}

@misc{anchoragempc2023,
  author = {Anchorage Digital},
  title  = {Security Architecture: How Anchorage Uses MPC to Secure Crypto Assets},
  year   = {2023},
  url    = {https://anchorage.com/blog/how-anchorage-uses-mpc}
}

@book{antonopoulos2017,
  author    = {Andreas M. Antonopoulos},
  title     = {Mastering Bitcoin: Programming the Open Blockchain},
  publisher = {O'Reilly Media},
  year      = {2017},
  edition   = {2nd}
}

@misc{bitgo2023,
  author = {BitGo Inc.},
  title  = {BitGo Wallet API Documentation},
  year   = {2023},
  url    = {https://www.bitgo.com/api}
}

@misc{bitgocold2023,
  author = {BitGo},
  title  = {Digital Asset Custody | Custodial Wallets},
  year   = {2023},
  url    = {https://www.bitgo.com/products/custody-wallets/}
}

@misc{bitgopricing2023,
  author = {BitGo},
  title  = {Billing Methodology},
  year   = {2023},
  url    = {https://www.bitgo.com/resources/billing-methodology/}
}

@inproceedings{boneh2019,
  author = {Dan Boneh and Victor Shoup},
  title  = {A Graduate Course in Applied Cryptography},
  year   = {2019},
  note   = {\url{https://crypto.stanford.edu/~dabo/cryptobook/}}
}

@article{bonneau2015,
  author  = {Joseph Bonneau and Andrew Miller and Jeremy Clark and Arvind Narayanan and Joshua A. Kroll and Edward W. Felten},
  title   = {SoK: Research Perspectives and Challenges for Bitcoin and Cryptocurrencies},
  journal = {IEEE Symposium on Security and Privacy (SP)},
  year    = {2015},
  pages   = {104--121},
  doi     = {10.1109/SP.2015.14}
}

@misc{circle2023,
  author = {Circle},
  title  = {Circle API Reference},
  year   = {2023},
  url    = {https://developers.circle.com}
}

@misc{circlepricing2023,
  author = {Circle},
  title  = {Web3 Services product fee schedule},
  year   = {2023},
  url    = {https://help.circle.com/s/article/Developer-platform-fee-schedule}
}

@misc{copper2023,
  author = {Copper Technologies},
  title  = {Copper ClearLoop Technology Overview},
  year   = {2023},
  url    = {https://copper.co}
}

@misc{coppercustody2023,
  author = {Copper},
  title  = {Our cold wallet technology is engineered with enhanced security},
  year   = {2023},
  url    = {https://copper.co/insights/company-news/cold-wallet-technology-enhanced-security-and-speed}
}

@misc{ethereumEIP712,
  author = {Ethereum Foundation},
  title  = {EIP-712: Ethereum typed structured data hashing and signing},
  year   = {2019},
  url    = {https://eips.ethereum.org/EIPS/eip-712}
}

@phdthesis{fielding2000,
  author = {Roy Thomas Fielding},
  title  = {Architectural Styles and the Design of Network-based Software Architectures},
  school = {University of California, Irvine},
  year   = {2000},
  url    = {https://www.ics.uci.edu/~fielding/pubs/dissertation/rest_arch_style.htm}
}

@misc{fireblocks2023,
  author = {Fireblocks},
  title  = {Fireblocks Developer Documentation},
  year   = {2023},
  url    = {https://developers.fireblocks.com}
}

@misc{fireblocksdocs2023,
  author = {Fireblocks},
  title  = {Fireblocks Key Features \& Capabilities},
  year   = {2023},
  url    = {https://developers.fireblocks.com/docs/capabilities}
}

@misc{fireblockspricing2023,
  author = {Fireblocks},
  title  = {Fireblocks Pricing},
  year   = {2023},
  url    = {https://www.fireblocks.com/pricing/}
}

@article{gudgeon2020,
  author  = {Lewis Gudgeon and Pedro Moreno-Sanchez and Dominik Harz and William J. Knottenbelt and Arthur Gervais},
  title   = {SoK: Layer-Two Blockchain Protocols},
  journal = {arXiv preprint arXiv:2001.05119},
  year    = {2020},
  url     = {https://arxiv.org/abs/2001.05119}
}

@misc{ibm_api_economy,
  author = {IBM Corporation},
  title  = {The API Economy: Disruption and the Business of APIs},
  year   = {2014},
  url    = {https://www.ibm.com/downloads/cas/GZJWR1M7}
}

@book{newman2015,
  author    = {Sam Newman},
  title     = {Building Microservices: Designing Fine-Grained Systems},
  publisher = {O'Reilly Media},
  year      = {2015}
}

@misc{nist800-53,
  author = {National Institute of Standards and Technology},
  title  = {Security and Privacy Controls for Federal Information Systems and Organizations (NIST SP 800-53)},
  year   = {2020},
  url    = {https://csrc.nist.gov/publications/detail/sp/800-53/rev-5/final}
}

@misc{nist800-92,
  author = {National Institute of Standards and Technology},
  title  = {Guide to Computer Security Log Management (NIST SP 800-92)},
  year   = {2006},
  url    = {https://csrc.nist.gov/publications/detail/sp/800-92/final}
}

@book{o2016,
  author    = {Mark O'Neill},
  title     = {Digital API Economy: How APIs are Reshaping Business},
  publisher = {CA Technologies},
  year      = {2016}
}

@misc{oue2019,
  author      = {Mizuki Oue and Kazuki Okanoya},
  title       = {Design and Implementation of Secure Cold Wallet Systems},
  institution = {Tokyo Institute of Technology},
  year        = {2019},
  url         = {https://www.iij.ad.jp/en/dev/iir/pdf/iir_vol52_focus1_EN.pdf}
}

@book{papazoglou2008,
  author    = {Michael P. Papazoglou},
  title     = {Web Services: Principles and Technology},
  publisher = {Pearson Education},
  year      = {2008}
}

@misc{quicknode2023,
  author = {QuickNode},
  title  = {Developer-Controlled Wallets by Circle},
  year   = {2023},
  url    = {https://www.quicknode.com/builders-guide/tools/developer-controlled-wallets-by-cirlce}
}

@article{rodrigues2020,
  author  = {Rodrigues, Tiago and Silva, Pedro},
  title   = {RESTful APIs as Enablers of Digital Transformation: A Case Study},
  journal = {Journal of Systems and Software},
  volume  = {170},
  pages   = {110758},
  year    = {2020},
  doi     = {10.1016/j.jss.2020.110758}
}

@book{vanwirdum2021,
  author    = {Aaron van Wirdum and Pete Rizzo},
  title     = {The Blocksize War: The Battle for Control Over Bitcoin's Protocol Rules},
  publisher = {BTC Media},
  year      = {2021}
}

@book{wood2021,
  author = {Gavin Wood},
  title  = {Ethereum: A Secure Decentralised Generalised Transaction Ledger -- Yellow Paper},
  year   = {2021},
  note   = {\url{https://ethereum.github.io/yellowpaper/paper.pdf}}
}
