@book{lamport1994latex,
    title={LaTeX: A Document Preparation System},
    author={Lamport, Leslie},
    year={1994},
    publisher={Addison-Wesley}
}

@article{satoshi2008bitcoin,
    title={Bitcoin: A Peer-to-Peer Electronic Cash System},
    author={Nakamoto, Satoshi},
    journal={Decentralized Business Review},
    year={2008},
    volume={21260},
    pages={1--9}
}

@inproceedings{dijkstra1968goto,
    title={Go To Statement Considered Harmful},
    author={Dijkstra, Edsger W.},
    booktitle={Communications of the ACM},
    year={1968},
    volume={11},
    pages={147--148}
}

@misc{turing1936computable,
    title={On Computable Numbers, with an Application to the Entscheidungsproblem},
    author={Turing, Alan M.},
    year={1936},
    note={Unpublished manuscript}
}

@techreport{clark2015ethereum,
    title={Ethereum: A Secure Decentralised Generalised Transaction Ledger},
    author={Wood, Gavin},
    year={2015},
    institution={Ethereum Project Yellow Paper}
}